@article{Minas:2009,
    author    = {Minas Gjoka and
        Maciej Kurant and
            Carter T. Butts and
            Athina Markopoulou},
    title     = {A Walk in Facebook: Uniform Sampling of Users in Online
        Social Networks},
    journal   = {CoRR},
    volume    = {abs/0906.0060},
    year      = {2009},
    ee        = {http://arxiv.org/abs/0906.0060},
    bibsource = {DBLP, http://dblp.uni-trier.de}
}

@INPROCEEDINGS{Stutzbach:2006,
    author = {Daniel Stutzbach and Reza Rejaie},
    title = {On Unbiased Sampling for Unstructured Peer-to-Peer Networks},
    booktitle = {in Proc. ACM IMC},
    year = {2006},
    pages = {27--40}
}

@book{Upfal:2005,
    author    = {Michael Mitzenmacher and
        Eli Upfal},
    title     = {Probability and computing - randomized algorithms and probabilistic
        analysis},
    publisher = {Cambridge University Press},
    year      = {2005},
    isbn      = {978-0-521-83540-4},
    pages     = {I-XVI, 1-352},
    bibsource = {DBLP, http://dblp.uni-trier.de}
}

@Book{Gelman:2003,
    author = { Gelman, Andrew. },
    title = { Bayesian data analysis / Andrew Gelman ... [et al.] },
    edition = { 2nd ed. },
    isbn = { 158488388 1584888388 },
    publisher = { Chapman and Hall/CRC, Boca Raton, FL : },
    pages = { xxv, 668 p. : },
    year = { 2003 },
    type = { Book },
    language = { English },
    subjects = { Bayesian statistical decision theory. },
    life-dates = { 2003 - 2004 },
    catalogue-url = { http://nla.gov.au/nla.cat-vn2525501 },
}

% Twitter NLP part-of-speech
@inproceedings{Gimpel:2011,
    author = {Gimpel, Kevin and Schneider, Nathan and O'Connor, Brendan and Das, Dipanjan and Mills, Daniel and Eisenstein, Jacob and Heilman, Michael and Yogatama, Dani and Flanigan, Jeffrey and Smith, Noah A.},
    title = {Part-of-speech tagging for Twitter: annotation, features, and experiments},
    booktitle = {Proceedings of the 49th Annual Meeting of the Association for Computational Linguistics: Human Language Technologies: short papers - Volume 2},
    series = {HLT '11},
    year = {2011},
    isbn = {978-1-932432-88-6},
    location = {Portland, Oregon},
    pages = {42--47},
    numpages = {6},
    url = {http://dl.acm.org/citation.cfm?id=2002736.2002747},
    acmid = {2002747},
    publisher = {Association for Computational Linguistics},
    address = {Stroudsburg, PA, USA},
} 

% open source NLP
@inproceedings{Padro:2010,
    author={Padr√≥, Luis and Reese, Samuel and Agirre, Eneko and Soroa, Aitor},
    title= {Semantic Services in FreeLing 2.1: WordNet and UKB},
    editor={Pushpak Bhattacharyya AND Christiane Fellbaum AND Piek Vossen},
    booktitle={Principles, Construction, and Application of Multilingual Wordnets},
    pages={99--105},
    publisher={Narosa Publishing House},
    organization={Global Wordnet Conference 2010},
    address={Mumbai, India},
    year={2010},
    month={February},
}

% stemming
@article{Porter:1980,
    added-at = {2011-03-22T23:06:19.000+0100},
    author = {Porter, M.},
    biburl = {http://www.bibsonomy.org/bibtex/26da7039a18e8c942e8ebe7079bd4f0a9/ans},
    interhash = {5cc5000d0cbdf957fd74a27ecbc3c2f7},
    intrahash = {6da7039a18e8c942e8ebe7079bd4f0a9},
    journal = {Program},
    keywords = {algorithm ir master porter stemming},
    number = 3,
    pages = {130-137},
    timestamp = {2011-03-22T23:06:19.000+0100},
    title = {An Algorithm for Suffix Stripping},
    url = {http://ontology.csse.uwa.edu.au/reference/browse_paper.php?pid=233281850},
    volume = 14,
    year = 1980
}

% spell check: Soundex phonetic algorithm
@article{Jacobs:1982,
    added-at = {2008-10-29T13:26:22.000+0100},
    author = {Jacobs, J.R.},
    biburl = {http://www.bibsonomy.org/bibtex/2d5eab3d4a6a3cb93f5892be2ddfee6c8/robo},
    interhash = {bbdb2d6e81e4b2fe03c341027916ecf2},
    intrahash = {d5eab3d4a6a3cb93f5892be2ddfee6c8},
    journal = {Byte 7},
    keywords = {algorithm finding sound soundex wismasys0809 words},
    pages = {473-474},
    timestamp = {2008-10-29T13:26:22.000+0100},
    title = {Finding words that sound alike. The SOUNDEX algorithm.},
    year = 1982
}

% spell check: Metaphone
@article{Philips:1990,
    added-at = {2012-03-20T05:00:52.000+0100},
    author = {Philips, L.},
    biburl = {http://www.bibsonomy.org/bibtex/2b50c6468a5b07830b0cd3fd8c526e301/wyswilson},
    interhash = {89a66069045e51f0e1bd9a03c0bea774},
    intrahash = {b50c6468a5b07830b0cd3fd8c526e301},
    journal = { Computer Language Magazine},
    keywords = {imported},
    number = { 12},
    pages = { 38-44},
    timestamp = {2012-03-20T05:00:52.000+0100},
    title = { Hanging on the Metaphone},
    url = {/brokenurl# http://publication.wilsonwong.me/load.php?id=233281655},
    volume = { 7},
    year = { 1990}
}

@misc{NetSpell,
    url = {http://www.codeproject.com/Articles/5277/NetSpell-Spell-Checker-for-NET},
    title = {NetSpell: Spell checker for NET},
    year = {2003},
}

@inproceedings{Martineau:2009,
    author = {Martineau, Justin and Finin, Tim},
    booktitle = {ICWSM},
    citeulike-article-id = {8430116},
    citeulike-linkout-0 = {http://www.aaai.org/ocs/index.php/ICWSM/09/paper/view/187/504},
    comment = {This paper proposes Delta-TFIDF features that take into account the statistical difference between positive and negative classes. Significant improvements are observed in Cornell sentiment tasks, using SVM},
    keywords = {sentiment},
    posted-at = {2010-12-16 06:28:09},
    priority = {0},
    title = {Delta TFIDF: An improved feature space for sentiment analysis},
    url = {http://www.aaai.org/ocs/index.php/ICWSM/09/paper/view/187/504},
    year = {2009}
}


@article{MPQA,
  title={Recognizing contextual polarity: An exploration of features for phrase-level sentiment analysis},
  author={Wilson, T. and Wiebe, J. and Hoffmann, P.},
  journal={Computational linguistics},
  volume={35},
  number={3},
  pages={399--433},
  year={2009},
  publisher={MIT Press}
}
@InProceedings{Pak:2010,
  author = {Alexander Pak and Patrick Paroubek},
  title = {Twitter as a Corpus for Sentiment Analysis and Opinion Mining},
  booktitle = {Proceedings of the Seventh International Conference on Language Resources and Evaluation (LREC'10)},
  year = {2010},
  month = {may},
  date = {19-21},
  address = {Valletta, Malta},
  editor = {Nicoletta Calzolari (Conference Chair) and Khalid Choukri and Bente Maegaard and Joseph Mariani and Jan Odijk and Stelios Piperidis and Mike Rosner and Daniel Tapias},
  publisher = {European Language Resources Association (ELRA)},
  isbn = {2-9517408-6-7},
  language = {english}
 }
 
 @inproceedings{BingLiu,
 author = {Hu, Minqing and Liu, Bing},
 title = {Mining and summarizing customer reviews},
 booktitle = {Proceedings of the tenth ACM SIGKDD international conference on Knowledge discovery and data mining},
 series = {KDD '04},
 year = {2004},
 isbn = {1-58113-888-1},
 location = {Seattle, WA, USA},
 pages = {168--177},
 numpages = {10},
 url = {http://doi.acm.org/10.1145/1014052.1014073},
 doi = {10.1145/1014052.1014073},
 acmid = {1014073},
 publisher = {ACM},
 address = {New York, NY, USA},
 keywords = {reviews, sentiment classification, summarization, text mining},
} 
